@incollection{bmc,
  author    = {Armin Biere},
  editor    = {Armin Biere and
               Marijn Heule and
               Hans van Maaren and
               Toby Walsh},
  title     = {Bounded Model Checking},
  booktitle = {Handbook of Satisfiability - Second Edition},
  series    = {Frontiers in Artificial Intelligence and Applications},
  volume    = {336},
  pages     = {739--764},
  publisher = {{IOS} Press},
  year      = {2021},
  url       = {https://doi.org/10.3233/FAIA201002},
  doi       = {10.3233/FAIA201002},
  timestamp = {Fri, 06 May 2022 08:06:04 +0200},
  biburl    = {https://dblp.org/rec/series/faia/Biere21.bib},
  bibsource = {dblp computer science bibliography, https://dblp.org}
}
